%% This BibTeX bibliography file was created using BibDesk.
%% http://bibdesk.sourceforge.net/


%% Created for Sebastian Knigge at 2019-04-22 12:06:38 -0700 


%% Saved with string encoding Unicode (UTF-8) 



@book{Fries,
	Author = {Christian P. Fries},
	Date-Added = {2019-04-22 12:03:49 -0700},
	Date-Modified = {2019-04-22 12:06:29 -0700},
	Publisher = {Wiley},
	Title = {Mathematical Finance: Theory, Modeling, Implementation},
	Year = {2007}}

@book{Hull,
	Author = {John C. Hull},
	Date-Added = {2019-01-03 16:28:50 -0500},
	Date-Modified = {2019-01-03 16:34:20 -0500},
	Edition = {8th},
	Publisher = {Prentice Hall},
	Title = {Options, futures, and other derivatives},
	Year = {2011},
	Bdsk-File-1 = {YnBsaXN0MDDSAQIDBFxyZWxhdGl2ZVBhdGhZYWxpYXNEYXRhXxA/Li4vTGl0ZXJhdHVyL29wdGlvbnMtZnV0dXJlcy1hbmQtb3RoZXItZGVyaXZhdGl2ZXMtOHRoLWpvaG4ucGRmTxECHgAAAAACHgACAAAMTWFjaW50b3NoIEhEAAAAAAAAAAAAAAAAAAAAAAAAAEJEAAH/////H29wdGlvbnMtZnV0dXJlcy1hbiNGRkZGRkZGRi5wZGYAAAAAAAAAAAAAAAAAAAAAAAAAAAAAAAAAAAAAAAAAAP////8AAAAAAAAAAAAAAAAAAQACAAAKIGN1AAAAAAAAAAAAAAAAAAlMaXRlcmF0dXIAAAIAbi86VXNlcnM6c2ViYXN0aWFua25pZ2dlOkRlc2t0b3A6VW5pQm9vazpQcmFrdGlrdW06TGl0ZXJhdHVyOm9wdGlvbnMtZnV0dXJlcy1hbmQtb3RoZXItZGVyaXZhdGl2ZXMtOHRoLWpvaG4ucGRmAA4AZgAyAG8AcAB0AGkAbwBuAHMALQBmAHUAdAB1AHIAZQBzAC0AYQBuAGQALQBvAHQAaABlAHIALQBkAGUAcgBpAHYAYQB0AGkAdgBlAHMALQA4AHQAaAAtAGoAbwBoAG4ALgBwAGQAZgAPABoADABNAGEAYwBpAG4AdABvAHMAaAAgAEgARAASAGxVc2Vycy9zZWJhc3RpYW5rbmlnZ2UvRGVza3RvcC9VbmlCb29rL1ByYWt0aWt1bS9MaXRlcmF0dXIvb3B0aW9ucy1mdXR1cmVzLWFuZC1vdGhlci1kZXJpdmF0aXZlcy04dGgtam9obi5wZGYAEwABLwAAFQACABb//wAAAAgADQAaACQAZgAAAAAAAAIBAAAAAAAAAAUAAAAAAAAAAAAAAAAAAAKI}}

@electronic{boersewien2019,
	Author = {Wiener B{\"o}rse},
	Date-Added = {2018-12-25 21:05:42 +0100},
	Date-Modified = {2018-12-25 21:05:42 +0100},
	Title = {B{\"o}rsenfeiertage der Wiener B{\"o}rse 2019},
	Year = {2018},
	Bdsk-File-1 = {YnBsaXN0MDDSAQIDBFxyZWxhdGl2ZVBhdGhZYWxpYXNEYXRhXxAmLi4vTGl0ZXJhdHVyL2JvZXJzZW5mZWllcnRhZ2UtMjAxOS5wZGZPEQG8AAAAAAG8AAIAAAxNYWNpbnRvc2ggSEQAAAAAAAAAAAAAAAAAAAAAAAAAQkQAAf////8ZYm9lcnNlbmZlaWVydGFnZS0yMDE5LnBkZgAAAAAAAAAAAAAAAAAAAAAAAAAAAAAAAAAAAAAAAAAAAAAAAAAA/////wAAAAAAAAAAAAAAAAABAAIAAAogY3UAAAAAAAAAAAAAAAAACUxpdGVyYXR1cgAAAgBVLzpVc2VyczpzZWJhc3RpYW5rbmlnZ2U6RGVza3RvcDpVbmlCb29rOlByYWt0aWt1bTpMaXRlcmF0dXI6Ym9lcnNlbmZlaWVydGFnZS0yMDE5LnBkZgAADgA0ABkAYgBvAGUAcgBzAGUAbgBmAGUAaQBlAHIAdABhAGcAZQAtADIAMAAxADkALgBwAGQAZgAPABoADABNAGEAYwBpAG4AdABvAHMAaAAgAEgARAASAFNVc2Vycy9zZWJhc3RpYW5rbmlnZ2UvRGVza3RvcC9VbmlCb29rL1ByYWt0aWt1bS9MaXRlcmF0dXIvYm9lcnNlbmZlaWVydGFnZS0yMDE5LnBkZgAAEwABLwAAFQACABb//wAAAAgADQAaACQATQAAAAAAAAIBAAAAAAAAAAUAAAAAAAAAAAAAAAAAAAIN}}

@article{schwartz2001,
	Author = {Francis A. Longstaff and Eduardo S. Schwartz},
	Date-Added = {2018-12-19 11:24:14 +0100},
	Date-Modified = {2018-12-19 11:26:26 +0100},
	Journal = {The Society for Financial Studies},
	Number = {1},
	Pages = {113-147},
	Title = {Valuing American Options by Simulation: A Simple Least-Squares Approach},
	Volume = {14},
	Year = {2001},
	Bdsk-File-1 = {YnBsaXN0MDDSAQIDBFxyZWxhdGl2ZVBhdGhZYWxpYXNEYXRhXxBGLi4vTGl0ZXJhdHVyL0xvbmdzdGFmZlNjaHdhcnR6QW1lcmljYW5PcHRpb25zTGVhc3RTcXVhcmVNb250ZUNhcmxvLnBkZk8RAjwAAAAAAjwAAgAADE1hY2ludG9zaCBIRAAAAAAAAAAAAAAAAAAAAAAAAABCRAAB/////x9Mb25nc3RhZmZTY2h3YXJ0ekEjRkZGRkZGRkYucGRmAAAAAAAAAAAAAAAAAAAAAAAAAAAAAAAAAAAAAAAAAAD/////AAAAAAAAAAAAAAAAAAEAAgAACiBjdQAAAAAAAAAAAAAAAAAJTGl0ZXJhdHVyAAACAHUvOlVzZXJzOnNlYmFzdGlhbmtuaWdnZTpEZXNrdG9wOlVuaUJvb2s6UHJha3Rpa3VtOkxpdGVyYXR1cjpMb25nc3RhZmZTY2h3YXJ0ekFtZXJpY2FuT3B0aW9uc0xlYXN0U3F1YXJlTW9udGVDYXJsby5wZGYAAA4AdAA5AEwAbwBuAGcAcwB0AGEAZgBmAFMAYwBoAHcAYQByAHQAegBBAG0AZQByAGkAYwBhAG4ATwBwAHQAaQBvAG4AcwBMAGUAYQBzAHQAUwBxAHUAYQByAGUATQBvAG4AdABlAEMAYQByAGwAbwAuAHAAZABmAA8AGgAMAE0AYQBjAGkAbgB0AG8AcwBoACAASABEABIAc1VzZXJzL3NlYmFzdGlhbmtuaWdnZS9EZXNrdG9wL1VuaUJvb2svUHJha3Rpa3VtL0xpdGVyYXR1ci9Mb25nc3RhZmZTY2h3YXJ0ekFtZXJpY2FuT3B0aW9uc0xlYXN0U3F1YXJlTW9udGVDYXJsby5wZGYAABMAAS8AABUAAgAW//8AAAAIAA0AGgAkAG0AAAAAAAACAQAAAAAAAAAFAAAAAAAAAAAAAAAAAAACrQ==}}

@book{Guo2017,
	Author = {Ivan Guo and Gregoire Loeper},
	Date-Added = {2018-12-18 17:42:24 +0100},
	Date-Modified = {2018-12-18 17:44:17 +0100},
	Editor = {J Optim Theory Appl},
	Publisher = {Springer},
	Title = {Pricing Bounds for Volatility Derivatives via Duality and Least Squares Monte Carlo},
	Year = {2017},
	Bdsk-File-1 = {YnBsaXN0MDDSAQIDBFxyZWxhdGl2ZVBhdGhZYWxpYXNEYXRhXxBNUHJha3Rpa3VtL0xpdGVyYXR1ci9HdW8tTG9lcGVyMjAxOF9BcnRpY2xlX1ByaWNpbmdCb3VuZHNGb3JWb2xhdGlsaXR5RGVyaS5wZGZPEQJIAAAAAAJIAAIAAAxNYWNpbnRvc2ggSEQAAAAAAAAAAAAAAAAAAAAAAAAAQkQAAf////8fR3VvLUxvZXBlcjIwMThfQXJ0I0ZGRkZGRkZGLnBkZgAAAAAAAAAAAAAAAAAAAAAAAAAAAAAAAAAAAAAAAAAA/////wAAAAAAAAAAAAAAAAABAAQAAAogY3UAAAAAAAAAAAAAAAAACUxpdGVyYXR1cgAAAgB8LzpVc2VyczpzZWJhc3RpYW5rbmlnZ2U6RGVza3RvcDpTUEFDRV9TRUJJOlVuaTpQcmFrdGlrdW06TGl0ZXJhdHVyOkd1by1Mb2VwZXIyMDE4X0FydGljbGVfUHJpY2luZ0JvdW5kc0ZvclZvbGF0aWxpdHlEZXJpLnBkZgAOAHQAOQBHAHUAbwAtAEwAbwBlAHAAZQByADIAMAAxADgAXwBBAHIAdABpAGMAbABlAF8AUAByAGkAYwBpAG4AZwBCAG8AdQBuAGQAcwBGAG8AcgBWAG8AbABhAHQAaQBsAGkAdAB5AEQAZQByAGkALgBwAGQAZgAPABoADABNAGEAYwBpAG4AdABvAHMAaAAgAEgARAASAHpVc2Vycy9zZWJhc3RpYW5rbmlnZ2UvRGVza3RvcC9TUEFDRV9TRUJJL1VuaS9QcmFrdGlrdW0vTGl0ZXJhdHVyL0d1by1Mb2VwZXIyMDE4X0FydGljbGVfUHJpY2luZ0JvdW5kc0ZvclZvbGF0aWxpdHlEZXJpLnBkZgATAAEvAAAVAAIAFv//AAAACAANABoAJAB0AAAAAAAAAgEAAAAAAAAABQAAAAAAAAAAAAAAAAAAAsA=}}

@book{Becker2012,
	Author = {Hans Paul Becker},
	Date-Added = {2018-12-18 17:41:05 +0100},
	Date-Modified = {2018-12-18 17:42:18 +0100},
	Publisher = {Gabler},
	Series = {5},
	Title = {Investition und Finanzierung},
	Year = {2012},
	Bdsk-File-1 = {YnBsaXN0MDDSAQIDBFxyZWxhdGl2ZVBhdGhZYWxpYXNEYXRhXxA8UHJha3Rpa3VtL0xpdGVyYXR1ci8yMDEyX0Jvb2tfSW52ZXN0aXRpb25VbmRGaW5hbnppZXJ1bmcucGRmTxECBgAAAAACBgACAAAMTWFjaW50b3NoIEhEAAAAAAAAAAAAAAAAAAAAAAAAAEJEAAH/////HzIwMTJfQm9va19JbnZlc3RpdCNGRkZGRkZGRi5wZGYAAAAAAAAAAAAAAAAAAAAAAAAAAAAAAAAAAAAAAAAAAP////8AAAAAAAAAAAAAAAAAAQAEAAAKIGN1AAAAAAAAAAAAAAAAAAlMaXRlcmF0dXIAAAIAay86VXNlcnM6c2ViYXN0aWFua25pZ2dlOkRlc2t0b3A6U1BBQ0VfU0VCSTpVbmk6UHJha3Rpa3VtOkxpdGVyYXR1cjoyMDEyX0Jvb2tfSW52ZXN0aXRpb25VbmRGaW5hbnppZXJ1bmcucGRmAAAOAFIAKAAyADAAMQAyAF8AQgBvAG8AawBfAEkAbgB2AGUAcwB0AGkAdABpAG8AbgBVAG4AZABGAGkAbgBhAG4AegBpAGUAcgB1AG4AZwAuAHAAZABmAA8AGgAMAE0AYQBjAGkAbgB0AG8AcwBoACAASABEABIAaVVzZXJzL3NlYmFzdGlhbmtuaWdnZS9EZXNrdG9wL1NQQUNFX1NFQkkvVW5pL1ByYWt0aWt1bS9MaXRlcmF0dXIvMjAxMl9Cb29rX0ludmVzdGl0aW9uVW5kRmluYW56aWVydW5nLnBkZgAAEwABLwAAFQACABb//wAAAAgADQAaACQAYwAAAAAAAAIBAAAAAAAAAAUAAAAAAAAAAAAAAAAAAAJt}}

@article{Tonkes2012,
	Author = {E.Tonkes and D.Lesmono},
	Date-Added = {2018-12-18 17:37:46 +0100},
	Date-Modified = {2018-12-18 17:40:43 +0100},
	Journal = {Hindawi Publishing Corporation Advances in Decision Sciences},
	Number = {287579},
	Pages = {18},
	Title = {A Longstaff and Schwartz Approach to the Early Election Problem},
	Volume = {2012},
	Year = {2012},
	Bdsk-File-1 = {YnBsaXN0MDDSAQIDBFxyZWxhdGl2ZVBhdGhZYWxpYXNEYXRhXxAqUHJha3Rpa3VtL0xpdGVyYXR1ci9Mb25nc3RhZmYgc2NoYXdydHoucGRmTxEBvgAAAAABvgACAAAMTWFjaW50b3NoIEhEAAAAAAAAAAAAAAAAAAAAAAAAAEJEAAH/////FkxvbmdzdGFmZiBzY2hhd3J0ei5wZGYAAAAAAAAAAAAAAAAAAAAAAAAAAAAAAAAAAAAAAAAAAAAAAAAAAAAAAP////8AAAAAAAAAAAAAAAAAAQAEAAAKIGN1AAAAAAAAAAAAAAAAAAlMaXRlcmF0dXIAAAIAWS86VXNlcnM6c2ViYXN0aWFua25pZ2dlOkRlc2t0b3A6U1BBQ0VfU0VCSTpVbmk6UHJha3Rpa3VtOkxpdGVyYXR1cjpMb25nc3RhZmYgc2NoYXdydHoucGRmAAAOAC4AFgBMAG8AbgBnAHMAdABhAGYAZgAgAHMAYwBoAGEAdwByAHQAegAuAHAAZABmAA8AGgAMAE0AYQBjAGkAbgB0AG8AcwBoACAASABEABIAV1VzZXJzL3NlYmFzdGlhbmtuaWdnZS9EZXNrdG9wL1NQQUNFX1NFQkkvVW5pL1ByYWt0aWt1bS9MaXRlcmF0dXIvTG9uZ3N0YWZmIHNjaGF3cnR6LnBkZgAAEwABLwAAFQACABb//wAAAAgADQAaACQAUQAAAAAAAAIBAAAAAAAAAAUAAAAAAAAAAAAAAAAAAAIT}}
